111234123412345678902201012310302000000140142649783ALFONSO BETA GAMMEZ          
22432112342201012201011277710000000000578200000000002201010024322345678901234567
2301COMP.TPV FISICO NACI                  00ES123456ACITY                       
2243212341220101220101036661000000000031000000000000220101PC10200123456789012345
2301COREACME FIBRA Y MOVIL ESPANA SA                                            
2302ES2PL2E7NM3Q6TJQ                   400TLUGKTDHD1QKBHY9GVM7MQA8OJCT3NHX      
2303        FIJOxxxxxxxxx.oct                                                   
2304                                                                            
2305                                   Alfonso Beta Gammez                      
22321412342310042310041254310000000000012000000000002310040041011234567890123456
2301COMP.TPV FISICO NACI                  CAFETERIA BLAS                        
22141021432310042310040154110000000004000000000000002310040041417890123456789012
2301DISP.CAJER N/ENTIDAD                  CAJ. 14.10         C032143KE40        
2217192341231004231004039811000000000006900000000000231004PC10203456789012345678
2301COREAcme Mobile, S.L.U.                                                     
2302ESARDSL45AB1GS03                   8R4BW4P8DJ439UBC                         
2303OTHR    ACMEMOBILE FACT. 3834698901349408                                   
2304                                                                            
2305                                   ALFONSO BETA                             
22105412342310052310051254310000000000012000000000002310050051054567890123456789
2301COMP.TPV FISICO NACI                  CAFETERIA BLAS                        
22092512342310072310071254310000000000925600000000002310090070928901234567890123
2301COMP.TPV FISICO NACI                  ALMACENES ACME                        
22005012342310092310091295510000000000278500000000002310092222-06789012345678901
2301OP. CREDITO TARJETA                   REC. ACME 09/10/2023 MOD.ACUM.        
22105012342310092310091254310000000000012000000000002310090091058861520966388904
2301COMP.TPV FISICO NACI                  CAFETERIA BLAS                        
22092014322310212310210154110000000000400000000000002310230210920393317260003587
2301DISP.CAJER N/ENTIDAD                  CAJ. 09.20         C031432K937        
22005512342310232310231295510000000000212000000000002310232222-05841203276980404
2301OP. CREDITO TARJETA                   REC. ACME 23/10/2023 MOD.ACUM.        
22105512342310252310251254310000000000012000000000002310250251053233940644129324
2301COMP.TPV FISICO NACI                  CAFETERIA BLAS                        
22104912342310262310261254310000000000012000000000002310260261049779169595343764
2301COMP.TPV FISICO NACI                  CAFETERIA BLAS                        
22105112342310302310301254310000000000012000000000002310300301059641422902108769
2301COMP.TPV FISICO NACI                  CAFETERIA BLAS                        
3312341234123456789000014000000000684530000000000000000000200000013945811978    
88999999999999999999000038                                                      
